@misc{gimli,
  title = {gimli},
  howpublished = {\url{https://github.com/walle/gimli}},
  note = {Accessed: 2018-02-11}
}
@misc{md-to-pdf,
  title = {md-to-pdf},
  howpublished = {\url{https://github.com/simonhaenisch/md-to-pdf}},
  note = {Accessed: 2018-02-11}
}
@book{pfleeger2010software,
  title={Software Engineering: Theory and Practice},
  author={Pfleeger, S.L. and Atlee, J.M.},
 isbn={9780136061694},
 year={2010},
  publisher={Prentice Hall}
}
@book{sommerville2011software,
  title={Software Engineering},
  author={Sommerville, I.},
  isbn={9780137053469},
  lccn={2009053058},
  series={International Computer Science Series},
  url={https://books.google.com/books?id=l0egcQAACAAJ},
  year={2011},
  publisher={Pearson}
}
@book{designpatterns,
  title={Design Patterns},
  author={Gamma, Erich and Helm, Richard and others},
  isbn={0201633612},
  series={Addison-Wesley Professional Computing Series},
  year={1995},
  publisher={Addison-Wesley Publishing Company}
}
